@article{Llopart2008106,
title = "Erratum to “Timepix, a 65 k programmable pixel readout chip for arrival time, energy and/or photon counting measurements” [Nucl. Instr. and Meth. A. 581 (2007) 485–494] ",
journal = "Nuclear Instruments and Methods in Physics Research Section A: Accelerators, Spectrometers, Detectors and Associated Equipment ",
volume = "585",
number = "1–2",
pages = "106 - 108",
year = "2008",
note = "",
issn = "0168-9002",
doi = "http://dx.doi.org/10.1016/j.nima.2007.11.003",
url = "http://www.sciencedirect.com/science/article/pii/S0168900207022930",
author = "X. Llopart and R. Ballabriga and M. Campbell and L. Tlustos and W. Wong"
}

